<?xml version="1.0" encoding="UTF-8"?><collection xmlns="http://www.loc.gov/MARC21/slim"><record><leader>00312nam--2200121-i-4500</leader><controlfield tag="001">000045879</controlfield><controlfield tag="002">20161230</controlfield><controlfield tag="005">20161230201045</controlfield><controlfield tag="008">060222s1000------------r-----000-0-eng-d</controlfield><datafield ind1=" " ind2=" " tag="100"><subfield code="a">Varga, L</subfield></datafield><datafield ind1=" " ind2=" " tag="245"><subfield code="a">Pulse shape discrimination</subfield></datafield><datafield ind1=" " ind2=" " tag="260"><subfield code="a">Budapest, Central Research Inst.Of Ph.,1960. 12 P.+ 7 Fig</subfield></datafield><datafield ind1=" " ind2=" " tag="852"><subfield code="a">7290</subfield></datafield></record></collection>